<record><leader>00000cas a2200000 a 4500</leader><controlfield tag="001">26280990</controlfield><controlfield tag="008">920729d199u1996flumr ne      0   a0eng c</controlfield><datafield ind1=" " ind2=" " tag="010"><subfield code="a">sn 92004433 </subfield></datafield><datafield ind1=" " ind2=" " tag="040"><subfield code="a">NSD</subfield><subfield code="b">eng</subfield><subfield code="c">NSD</subfield><subfield code="d">FUG</subfield><subfield code="d">OCLCQ</subfield><subfield code="d">OCLCF</subfield><subfield code="d">OCLCO</subfield></datafield><datafield ind1=" " ind2=" " tag="012"><subfield code="l">1</subfield></datafield><datafield ind1="1" ind2=" " tag="022"><subfield code="a">1064-4229</subfield><subfield code="l">1064-4229</subfield><subfield code="2">1</subfield></datafield><datafield ind1="1" ind2=" " tag="029"><subfield code="a">AU@</subfield><subfield code="b">000020271138</subfield></datafield><datafield ind1=" " ind2=" " tag="042"><subfield code="a">nsdp</subfield><subfield code="a">pcc</subfield></datafield><datafield ind1=" " ind2=" " tag="043"><subfield code="a">n-us-fl</subfield></datafield><datafield ind1=" " ind2="4" tag="222"><subfield code="a">The Captiva chronicle</subfield></datafield><datafield ind1="0" ind2="4" tag="245"><subfield code="a">The Captiva chronicle.</subfield></datafield><datafield ind1="1" ind2=" " tag="246"><subfield code="i">Copies printed for Sanibel Island are issued as:</subfield><subfield code="a">Sanibel chronicle</subfield></datafield><datafield ind1="1" ind2="3" tag="246"><subfield code="a">Chronicle</subfield></datafield><datafield ind1=" " ind2=" " tag="260"><subfield code="a">Captiva, Fla. :</subfield><subfield code="b">Nino J. Marini,</subfield><subfield code="c">-1996.</subfield></datafield><datafield ind1=" " ind2=" " tag="300"><subfield code="a">v. :</subfield><subfield code="b">ill. (some col.) ;</subfield><subfield code="c">44 cm.</subfield></datafield><datafield ind1=" " ind2=" " tag="310"><subfield code="a">Monthly,</subfield><subfield code="b">-1996</subfield></datafield><datafield ind1=" " ind2=" " tag="321"><subfield code="a">Biweekly,</subfield><subfield code="b">&lt;1991-1994&gt;</subfield></datafield><datafield ind1="0" ind2=" " tag="362"><subfield code="a">-Mar. 1996.</subfield></datafield><datafield ind1=" " ind2=" " tag="500"><subfield code="a">"The Good News newspaper serving Captiva, Sanibel, the Upper Islands, and ..."</subfield></datafield><datafield ind1=" " ind2=" " tag="588"><subfield code="a">Description based on: Vol. 1, no. 35 (June 7, 1991).</subfield></datafield><datafield ind1=" " ind2="0" tag="651"><subfield code="a">Captiva (Fla.)</subfield><subfield code="v">Newspapers.</subfield></datafield><datafield ind1=" " ind2="0" tag="651"><subfield code="a">Sanibel (Fla.)</subfield><subfield code="v">Newspapers.</subfield></datafield><datafield ind1=" " ind2="0" tag="651"><subfield code="a">Lee County (Fla.)</subfield><subfield code="v">Newspapers.</subfield></datafield><datafield ind1=" " ind2="7" tag="655"><subfield code="a">Newspapers.</subfield><subfield code="2">fast</subfield><subfield code="0">(OCoLC)fst01423814</subfield></datafield><datafield ind1=" " ind2="7" tag="651"><subfield code="a">Florida</subfield><subfield code="z">Captiva.</subfield><subfield code="2">fast</subfield><subfield code="0">(OCoLC)fst01288426</subfield></datafield><datafield ind1=" " ind2="7" tag="651"><subfield code="a">Florida</subfield><subfield code="z">Lee County.</subfield><subfield code="2">fast</subfield><subfield code="0">(OCoLC)fst01202773</subfield></datafield><datafield ind1=" " ind2="7" tag="651"><subfield code="a">Florida</subfield><subfield code="z">Sanibel.</subfield><subfield code="2">fast</subfield><subfield code="0">(OCoLC)fst01222324</subfield></datafield><datafield ind1=" " ind2=" " tag="752"><subfield code="a">United States</subfield><subfield code="b">Florida</subfield><subfield code="c">Lee</subfield><subfield code="d">Captiva.</subfield></datafield><datafield ind1=" " ind2=" " tag="752"><subfield code="a">United States</subfield><subfield code="b">Florida</subfield><subfield code="c">Lee</subfield><subfield code="d">Sanibel.</subfield></datafield><datafield ind1="0" ind2="0" tag="785"><subfield code="t">Captiva Sanibel chronicle</subfield><subfield code="w">(DLC)sn 97027773</subfield><subfield code="w">(OCoLC)36862014</subfield></datafield></record>